@Article{Plateau2012low,
  Title={Low-Emittance Electron Bunches From a Laser-Plasma Accelerator Measured Using Single-Shot X-Ray Spectroscopy},
  Author={Plateau, Gr and Geddes, Cgr and Thorn, Db and Chen, M and Benedetti, C and Esarey, E and Gonsalves, Aj and Matlis, Nh and Nakamura, K and Schroeder, Cb and Others},
  Journal={Physical Review Letters},
  Volume={109},
  Number={6},
  Pages={064802},
  Year={2012},
  Publisher={Aps}
}

@Article{Huotari2005improving,
  Title={Improving the Performance of High-Resolution X-Ray Spectrometers With Position-Sensitive Pixel Detectors},
  Author={Huotari, S and Vank{\'O}, Gy and Albergamo, F and Ponchut, C and Graafsma, H and Henriquet, C and Verbeni, R and Monaco, G},
  Journal={Journal of Synchrotron Radiation},
  Volume={12},
  Number={4},
  Pages={467--472},
  Year={2005},
  Publisher={International Union of Crystallography}
}


@Article{Servoli2010characterization,
  Title={Characterization of Standard Cmos Pixel Imagers As Ionizing Radiation Detectors},
  Author={Servoli, L and Biagetti, D and Passeri, D and Gattuso, E Spanti},
  Journal={Journal of Instrumentation},
  Volume={5},
  Number={07},
  Pages={P07003},
  Year={2010},
  Publisher={Iop Publishing}
}

@Article{Lane2012x,
  Title={X-Ray Imaging and Spectroscopy Using Low Cost Cots Cmos Sensors},
  Author={Lane, David W},
  Journal={Nuclear Instruments and Methods In Physics Research Section B: Beam Interactions With Materials and Atoms},
  Volume={284},
  Pages={29--32},
  Year={2012},
  Publisher={Elsevier}
}


@Article{Seidler2014laboratory,
  Title={A Laboratory-Based Hard X-Ray Monochromator For High-Resolution X-Ray Emission Spectroscopy and X-Ray Absorption Near Edge Structure Measurements},
  Author={Seidler, Gt and Mortensen, Dr and Remesnik, Aj and Pacold, Ji and Ball, Na and Barry, N and Styczinski, M and Hoidn, Or},
  Journal={Review of Scientific Instruments},
  Volume={85},
  Number={11},
  Pages={113906},
  Year={2014},
  Publisher={Aip}
}

@Article{Pacold2012miniature,
  Title={A Miniature X-Ray Emission Spectrometer (Minixes) For High-Pressure Studies In a Diamond Anvil Cell},
  Author={Pacold, Ji and Bradley, Ja and Mattern, Ba and Lipp, Mj and Seidler, Gt and Chow, P and Xiao, Y and Rod, Eric and Rusthoven, B and Quintana, J},
  Journal={Journal of Synchrotron Radiation},
  Volume={19},
  Number={2},
  Pages={245--251},
  Year={2012},
  Publisher={International Union of Crystallography}
}
@Article{Mattern2012plastic,
  Title={A Plastic Miniature X-Ray Emission Spectrometer Based on the Cylindrical Von Hamos Geometry},
  Author={Mattern, Ba and Seidler, Gt and Haave, M and Pacold, Ji and Gordon, Ra and Planillo, J and Quintana, J and Rusthoven, B},
  Journal={Review of Scientific Instruments},
  Volume={83},
  Number={2},
  Pages={023901},
  Year={2012},
  Publisher={Aip}
}
@Article{Dickinson2008short,
  Title={A Short Working Distance Multiple Crystal X-Ray Spectrometer},
  Author={Dickinson, B and Seidler, Gt and Webb, Zw and Bradley, Ja and Nagle, Kp and Heald, Sm and Gordon, Ra and Chou, I-Ming},
  Journal={Review of Scientific Instruments},
  Volume={79},
  Number={12},
  Pages={123112},
  Year={2008},
  Publisher={Aip}
}
