@Article{lindl2004physics,
  Title={The Physics Basis for Ignition Using Indirect-Drive Targets on the National Ignition Facility},
  Author={Lindl, John D and Amendt, Peter and Berger, Richard L and Glendinning, S Gail and Glenzer, Siegfried H and Haan, Steven W and Kauffman, Robert L and Landen, Otto L and Suter, Laurence J},
  Journal={Physics of Plasmas},
  Volume={11},
  Number={2},
  Pages={339--491},
  Year={2004},
  Publisher={Aip}
}
@Article{moses2009ignition,
  Title={Ignition on the National Ignition Facility: a Path Towards Inertial Fusion Energy},
  Author={Moses, Edward I},
  Journal={Nuclear Fusion},
  Volume={49},
  Number={10},
  Pages={104022},
  Year={2009},
  Publisher={Iop Publishing}
}
@Article{langenhorst1999laser,
  Title={Laser Shock Experiments with Nanoseconds Pulses: a New Tool for the Reproduction of Shock Defects in Olivine},
  Author={Langenhorst, F and Boustie, M and Migault, a and Romain, Jp},
  Journal={Earth and Planetary Science Letters},
  Volume={173},
  Number={3},
  Pages={333--342},
  Year={1999},
  Publisher={Elsevier}
}
@Article{gattacceca2010unraveling,
  Title={Unraveling the Simultaneous Shock Magnetization and Demagnetization of Rocks},
  Author={Gattacceca, J and Boustie, M and Lima, E and Weiss, Bp and De Resseguier, T and Cuq-Lelandais, Jp},
  Journal={Physics of the Earth and Planetary Interiors},
  Volume={182},
  Number={1},
  Pages={42--49},
  Year={2010},
  Publisher={Elsevier}
}
@Article{takabe2008high,
  Title={High-Mach Number Collisionless Shock and Photo-Ionized Non-Lte Plasma for Laboratory Astrophysics with Intense Lasers},
  Author={Takabe, Het Al and Kato, Tn and Sakawa, Y and Kuramitsu, Y and Morita, T and Kadono, T and Shigemori, K and Otani, K and Nagatomo, H and Norimatsu, T and Others},
  Journal={Plasma Physics and Controlled Fusion},
  Volume={50},
  Number={12},
  Pages={124057},
  Year={2008},
  Publisher={Iop Publishing}
}
@Article{silva2004proton,
  Title={Proton Shock Acceleration in Laser-Plasma Interactions},
  Author={Silva, Lu{\'\I}S O and Marti, Michael and Davies, Jonathan R and Fonseca, Ricardo a and Ren, Chuang and Tsung, Frank S and Mori, Warren B},
  Journal={Physical Review Letters},
  Volume={92},
  Number={1},
  Pages={015002},
  Year={2004},
  Publisher={Aps}
}
@Article{remington2000review,
  Title={A Review of Astrophysics Experiments on Intense Lasers},
  Author={Remington, Bruce a and Drake, R Paul and Takabe, Hideaki and Arnett, David},
  Journal={Physics of Plasmas},
  Volume={7},
  Number={5},
  Pages={1641--1652},
  Year={2000},
  Publisher={Aip}
}
@Article{park2012studying,
  Title={Studying Astrophysical Collisionless Shocks with Counterstreaming Plasmas From High Power Lasers},
  Author={Park, Hye-Sook and Ryutov, Dd and Ross, Js and Kugland, Nl and Glenzer, Sh and Plechaty, C and Pollaine, Sm and Remington, Ba and Spitkovsky, a and Gargate, L and Others},
  Journal={High Energy Density Physics},
  Volume={8},
  Number={1},
  Pages={38--45},
  Year={2012},
  Publisher={Elsevier}
}
@Article{koenig2006radiative,
  Title={Radiative Shocks: An Opportunity To Study Laboratory Astrophysics A},
  Author={Koenig, Michel and Vinci, T and Benuzzi-Mounaix, a and Ozaki, N and Ravasio, a and Rabec Le Glohaec, M and Boireau, L and Michaut, C and Bouquet, S and Atzeni, S and Others},
  Journal={Physics of Plasmas},
  Volume={13},
  Number={5},
  Pages={056504},
  Year={2006},
  Publisher={Aip}
}
@Article{macchi2013ion,
  Title={Ion Acceleration By Superintense Laser-Plasma Interaction},
  Author={Macchi, Andrea and Borghesi, Marco and Passoni, Matteo},
  Journal={Reviews of Modern Physics},
  Volume={85},
  Number={2},
  Pages={751},
  Year={2013},
  Publisher={Aps}
}
@Article{gregori2012generation,
  Title={Generation of Scaled Protogalactic Seed Magnetic Fields in Laser-Produced Shock Waves},
  Author={Gregori, G and Ravasio, a and Murphy, Cd and Schaar, K and Baird, a and Bell, Ar and Benuzzi-Mounaix, a and Bingham, R and Constantin, C and Drake, Rp and Others},
  Journal={Nature},
  Volume={481},
  Number={7382},
  Pages={480},
  Year={2012},
  Publisher={Nature Publishing Group}
}
@Article{fiuza2012weibel,
  Title={Weibel-Instability-Mediated Collisionless Shocks in the Laboratory with Ultraintense Lasers},
  Author={Fiuza, F and Fonseca, Ra and Tonge, J and Mori, Wb and Silva, Lo},
  Journal={Physical Review Letters},
  Volume={108},
  Number={23},
  Pages={235004},
  Year={2012},
  Publisher={Aps}
}
@Article{dollar2013scaling,
  Title={Scaling High-Order Harmonic Generation From Laser-Solid Interactions To Ultrahigh Intensity},
  Author={Dollar, F and Cummings, P and Chvykov, V and Willingale, L and Vargas, M and Yanovsky, V and Zulick, C and Maksimchuk, a and Thomas, Agr and Krushelnick, K},
  Journal={Physical Review Letters},
  Volume={110},
  Number={17},
  Pages={175002},
  Year={2013},
  Publisher={Aps}
}
@Article{akli2008laser,
  Title={Laser Heating of Solid Matter By Light-Pressure-Driven Shocks At Ultrarelativistic Intensities},
  Author={Akli, Ku and Hansen, Sb and Kemp, Aj and Freeman, Rr and Beg, Fn and Clark, Dc and Chen, Sd and Hey, D and Hatchett, Sp and Highbarger, K and Others},
  Journal={Physical Review Letters},
  Volume={100},
  Number={16},
  Pages={165002},
  Year={2008},
  Publisher={Aps}
}
@Article{young1998high,
  Title={High-Resolution X-Ray Spectrometer Based on Spherically Bent Crystals for Investigations of Femtosecond Laser Plasmas},
  Author={Young, Bkf and Osterheld, Al and Price, Df and Shepherd, R and Stewart, Re and Faenov, a Ya and Magunov, Ai and Pikuz, Ta and Skobelev, I Yu and Flora, F and Others},
  Journal={Review of Scientific Instruments},
  Volume={69},
  Number={12},
  Pages={4049--4053},
  Year={1998},
  Publisher={Aip}
}
@Article{oades2004target,
  Title={Target Diagnostics for the Future Awe Orion Laser Facility},
  Author={Oades, Kevin and Evans, Andrew and Slark, Gary and Foster, John and Eagleton, Richard and Clark, Eugene},
  Journal={Review of Scientific Instruments},
  Volume={75},
  Number={10},
  Pages={4222--4224},
  Year={2004},
  Publisher={Aip}
}
@Article{workman2001x,
  Title={X-Ray Yield Scaling Studies Performed on the Omega Laser},
  Author={Workman, J and Kyrala, Ga},
  Journal={Review of Scientific Instruments},
  Volume={72},
  Number={1},
  Pages={678--681},
  Year={2001},
  Publisher={Aip}
}
@Article{stoeckl2001hard,
  Title={Hard X-Ray Detectors for Omega and Nif},
  Author={Stoeckl, C and Glebov, V Yu and Meyerhofer, Dd and Seka, W and Yaakobi, B and Town, Rpj and Zuegel, Jd},
  Journal={Review of Scientific Instruments},
  Volume={72},
  Number={1},
  Pages={1197--1200},
  Year={2001},
  Publisher={Aip}
}


@Article{landen2001x,
  Title={X-Ray Backlighting for the National Ignition Facility},
  Author={Landen, Ol and Farley, Dr and Glendinning, Sg and Logory, Lm and Bell, Pm and Koch, Ja and Lee, Fd and Bradley, Dk and Kalantar, Dh and Back, Ca and Others},
  Journal={Review of Scientific Instruments},
  Volume={72},
  Number={1},
  Pages={627--634},
  Year={2001},
  Publisher={Aip}
}
@Article{hudson2002high,
  Title={A High-Energy X-Ray Spectrometer Diagnostic for the Omega Laser},
  Author={Hudson, Lawrence T and Henins, Albert and Deslattes, Rd and Seely, Jf and Holland, Ge and Atkin, R and Marlin, L and Meyerhofer, Dd and Stoeckl, C},
  Journal={Review of Scientific Instruments},
  Volume={73},
  Number={6},
  Pages={2270--2275},
  Year={2002},
  Publisher={Aip}
}
@Article{dewald2004dante,
  Title={Dante Soft X-Ray Power Diagnostic for National Ignition Facility},
  Author={Dewald, El and Campbell, Km and Turner, Re and Holder, Jp and Landen, Ol and Glenzer, Sh and Kauffman, Rl and Suter, Lj and Landon, M and Rhodes, M and Others},
  Journal={Review of Scientific Instruments},
  Volume={75},
  Number={10},
  Pages={3759--3761},
  Year={2004},
  Publisher={Aip}
}

@Article{glenzer2009x,
  Title={X-Ray Thomson Scattering in High Energy Density Plasmas},
  Author={Glenzer, Siegfried H and Redmer, Ronald},
  Journal={Reviews of Modern Physics},
  Volume={81},
  Number={4},
  Pages={1625},
  Year={2009},
  Publisher={Aps}
}
@Article{gregori2004electronic,
  Title={Electronic Structure Measurements of Dense Plasmas},
  Author={Gregori, G and Glenzer, Sh and Rogers, Fj and Pollaine, Sm and Landen, Ol and Blancard, C and Faussurier, G and Renaudin, P and Kuhlbrodt, S and Redmer, R},
  Journal={Physics of Plasmas},
  Volume={11},
  Number={5},
  Pages={2754--2762},
  Year={2004},
  Publisher={Aip}
}
@Article{lee2009x,
  Title={X-Ray Thomson-Scattering Measurements of Density and Temperature in Shock-Compressed Beryllium},
  Author={Lee, Hj and Neumayer, P and Castor, J and D{\"O}Ppner, T and Falcone, Rw and Fortmann, C and Hammel, Ba and Kritcher, Al and Landen, Ol and Lee, Rw and Others},
  Journal={Physical Review Letters},
  Volume={102},
  Number={11},
  Pages={115001},
  Year={2009},
  Publisher={Aps}
}
@Article{fortmann2012measurement,
  Title={Measurement of the Adiabatic Index in Be Compressed By Counterpropagating Shocks},
  Author={Fortmann, C and Lee, Hj and D{\"O}Ppner, T and Falcone, Rw and Kritcher, Al and Landen, Ol and Glenzer, Sh},
  Journal={Physical Review Letters},
  Volume={108},
  Number={17},
  Pages={175006},
  Year={2012},
  Publisher={Aps}
}
@Article{mattern2013condensed,
  Title={Condensed Phase Effects on the Electronic Momentum Distribution in the Warm Dense Matter Regime},
  Author={Mattern, Brian a and Seidler, Gerald T and Kas, Joshua J},
  Journal={Arxiv Preprint Arxiv:1308.2990},
  Year={2013}
}
@Article{lider2011x,
  Title={X-Ray Divergent-Beam (Kossel) Technique: a Review},
  Author={Lider, Vv},
  Journal={Crystallography Reports},
  Volume={56},
  Number={2},
  Pages={169--189},
  Year={2011},
  Publisher={Springer}
}
@Article{suggit2010nanosecond,
  Title={Nanosecond X-Ray Laue Diffraction Apparatus Suitable for Laser Shock Compression Experiments},
  Author={Suggit, Matthew and Kimminau, Giles and Hawreliak, James and Remington, Bruce and Park, Nigel and Wark, Justin},
  Journal={Review of Scientific Instruments},
  Volume={81},
  Number={8},
  Pages={083902},
  Year={2010},
  Publisher={Aip}
}
@Article{suggit2012nanosecond,
  Title={Nanosecond White-Light Laue Diffraction Measurements of Dislocation Microstructure in Shock-Compressed Single-Crystal Copper},
  Author={Suggit, Matthew J and Higginbotham, Andrew and Hawreliak, James a and Mogni, Gabriele and Kimminau, Giles and Dunne, Patrick and Comley, Andrew J and Park, Nigel and Remington, Bruce a and Wark, Justin S},
  Journal={Nature Communications},
  Volume={3},
  Pages={1224},
  Year={2012},
  Publisher={Nature Publishing Group}
}
@Article{yaakobi2005exafs,
  Title={Exafs Measurement of Iron Bcc-To-Hcp Phase Transformation in Nanosecond-Laser Shocks},
  Author={Yaakobi, B and Boehly, Tr and Meyerhofer, Dd and Collins, Tjb and Remington, Ba and Allen, Pg and Pollaine, Sm and Lorenzana, He and Eggert, Jh},
  Journal={Physical Review Letters},
  Volume={95},
  Number={7},
  Pages={075501},
  Year={2005},
  Publisher={Aps}
}
@Article{bourgade2004new,
  Title={New Constraints for Plasma Diagnostics Development Due To the Harsh Environment of Mj Class Lasers},
  Author={Bourgade, Jl and Allouche, V and Baggio, J and Bayer, C and Bonneau, F and Chollet, C and Darbon, S and Disdier, L and Gontier, D and Houry, M and Others},
  Journal={Review of Scientific Instruments},
  Volume={75},
  Number={10},
  Pages={4204--4212},
  Year={2004},
  Publisher={Aip}
}
@Article{ma2013x,
  Title={X-Ray Scattering Measurements of Strong Ion-Ion Correlations in Shock-Compressed Aluminum},
  Author={Ma, T and D{\"O}Ppner, T and Falcone, Rw and Fletcher, L and Fortmann, C and Gericke, Dirk O and Landen, Ol and Lee, Hj and Pak, a and Vorberger, Jan and Others},
  Journal={Physical Review Letters},
  Volume={110},
  Number={6},
  Pages={065001},
  Year={2013},
  Publisher={Aps}
}
@Article{feng2005energy,
  Title={Energy Dispersive X-Ray Diffraction of Charge Density Waves Via Chemical Filtering},
  Author={Feng, Yejun and Somayazulu, Ms and Jaramillo, R and Rosenbaum, Tf and Isaacs, Ed and Hu, Jingzhu and Mao, Ho-Kwang},
  Journal={Review of Scientific Instruments},
  Volume={76},
  Number={6},
  Pages={063913},
  Year={2005},
  Publisher={Aip}
}
@Article{hoidn2014photometric,
  Title={Photometric Study of Single-Shot Energy-Dispersive X-Ray Diffraction At a Laser Plasma Facility},
  Author={Hoidn, Or and Seidler, Gt},
  Journal={Physics of Plasmas},
  Volume={21},
  Number={1},
  Pages={012707},
  Year={2014},
  Publisher={Aip}
}
@Article{feng2007pressure,
  Title={Pressure-Tuned Spin and Charge Ordering in An Itinerant Antiferromagnet},
  Author={Feng, Yejun and Jaramillo, R and Srajer, G and Lang, Jc and Islam, Z and Somayazulu, Ms and Shpyrko, Og and Pluth, Jj and Mao, H-K and Isaacs, Ed and Others},
  Journal={Physical Review Letters},
  Volume={99},
  Number={13},
  Pages={137201},
  Year={2007},
  Publisher={Aps}
}
@Article{desgreniers1989tin,
  Title={Tin At High Pressure: An Energy-Dispersive X-Ray-Diffraction Study To 120 Gpa},
  Author={Desgreniers, Serge and Vohra, Yogesh K and Ruoff, Arthur L},
  Journal={Physical Review B},
  Volume={39},
  Number={14},
  Pages={10359},
  Year={1989},
  Publisher={Aps}
}
@Article{baublitz1981energy,
  Title={Energy Dispersive X-Ray Diffraction From High Pressure Polycrystalline Specimens Using Synchrotron Radiation},
  Author={Baublitz Jr, Millard a and Arnold, Volker and Ruoff, Arthur L},
  Journal={Review of Scientific Instruments},
  Volume={52},
  Number={11},
  Pages={1616--1624},
  Year={1981},
  Publisher={Aip}
}
@Article{maddox2011absolute,
  Title={Absolute Measurements of X-Ray Backlighter Sources At Energies Above 10 Kev A},
  Author={Maddox, Br and Park, Hs and Remington, Ba and Chen, C and Chen, S and Prisbrey, St and Comley, a and Back, Ca and Szabo, C and Seely, Jf and Others},
  Journal={Physics of Plasmas},
  Volume={18},
  Number={5},
  Pages={056709},
  Year={2011},
  Publisher={Aip}
}
@Article{yaakobi2003extended,
  Title={Extended X-Ray Absorption Fine-Structure Experiments with a Laser-Imploded Target As a Radiation Source},
  Author={Yaakobi, Barukh and Marshall, Frederic J and Boehly, Thomas R and Town, Richard Pj and Meyerhofer, David D},
  Journal={Josa B},
  Volume={20},
  Number={1},
  Pages={238--245},
  Year={2003},
  Publisher={Optical Society of America}
}


@Article{akli2007temperature,
  Title={Temperature Sensitivity of Cu K $\Alpha$ Imaging Efficiency Using a Spherical Bragg Reflecting Crystal},
  Author={Akli, Ku and Key, Mh and Chung, Hk and Hansen, Sb and Freeman, Rr and Chen, Mh and Gregori, G and Hatchett, S and Hey, D and Izumi, N and Others},
  Journal={Physics of Plasmas},
  Volume={14},
  Number={2},
  Pages={023102},
  Year={2007},
  Publisher={Aip}
}
@Article{krishnan1998structure,
  Title={Structure of Liquid Boron},
  Author={Krishnan, Sh and Ansell, S and Felten, Jj and Volin, Kj and Price, Dl},
  Journal={Physical Review Letters},
  Volume={81},
  Number={3},
  Pages={586},
  Year={1998},
  Publisher={Aps}
}
@Article{krishnan2000x,
  Title={X-Ray Diffraction From Levitated Liquids},
  Author={Krishnan, Shankar and Price, David L},
  Journal={Journal of Physics: Condensed Matter},
  Volume={12},
  Number={12},
  Pages={R145},
  Year={2000},
  Publisher={Iop Publishing}
}
@Article{gregori2009low,
  Title={Low Frequency Structural Dynamics of Warm Dense Matter A},
  Author={Gregori, Gianluca and Gericke, Dirk O},
  Journal={Physics of Plasmas},
  Volume={16},
  Number={5},
  Pages={056306},
  Year={2009},
  Publisher={Aip}
}
@Article{chihara2000interaction,
  Title={Interaction of Photons with Plasmas and Liquid Metals-Photoabsorption and Scattering},
  Author={Chihara, Junzo},
  Journal={Journal of Physics: Condensed Matter},
  Volume={12},
  Number={3},
  Pages={231},
  Year={2000},
  Publisher={Iop Publishing}
}
@Book{schulke2007electron,
  Title={Electron Dynamics By Inelastic X-Ray Scattering},
  Author={Sch{\"U}Lke, Winfried},
  Volume={7},
  Year={2007},
  Publisher={Oxford University Press}
}
@Article{eisenberger1970compton,
  Title={Compton Scattering of X Rays From Bound Electrons},
  Author={Eisenberger, P and Platzman, Pm},
  Journal={Physical Review A},
  Volume={2},
  Number={2},
  Pages={415},
  Year={1970},
  Publisher={Aps}
}
@Article{mattern2012real,
  Title={Real-Space Green'S Function Calculations of Compton Profiles},
  Author={Mattern, Brian a and Seidler, Gerald T and Kas, Joshua J and Pacold, Joseph I and Rehr, John J},
  Journal={Physical Review B},
  Volume={85},
  Number={11},
  Pages={115135},
  Year={2012},
  Publisher={Aps}
}
@Article{yoo2012graphene,
  Title={Graphene Folds By Femtosecond Laser Ablation},
  Author={Yoo, Jae-Hyuck and Bin In, Jung and Bok Park, Jong and Jeon, Hojeong and Grigoropoulos, Costas P},
  Journal={Applied Physics Letters},
  Volume={100},
  Number={23},
  Pages={233124},
  Year={2012},
  Publisher={Aip}
}
@Article{visco2012measurement,
  Title={Measurement of Radiative Shock Properties By X-Ray Thomson Scattering},
  Author={Visco, Aj and Drake, Rp and Glenzer, Sh and D{\"O}Ppner, T and Gregori, G and Froula, Dh and Grosskopf, Mj},
  Journal={Physical Review Letters},
  Volume={108},
  Number={14},
  Pages={145001},
  Year={2012},
  Publisher={Aps}
}

@Inproceedings{freund1996x,
  Title={X-Ray Diffraction Properties of Highly Oriented Pyrolytic Graphite},
  Author={Freund, Andreas K and Munkholm, Anneli and Brennan, Sean},
  Booktitle={Proc. Spie},
  Volume={2856},
  Pages={68--79},
  Year={1996}
}
@Article{tommasini2010development,
  Title={Development of Compton Radiography Diagnostics for Inertial Confinement Fusion Implosions},
  Author={Tommasini, R and Hatchett, Sp and Hey, Ds and Izumi, N and Koch, Ja and Landen, Ol and Mackinnon, Aj and Delettrez, J and Glebov, V and Stoeckl, C},
  Journal={Physics of Plasmas, Vol. 18, No. 5, May 19, 2011, Pp. 056309},
  Volume={18},
  Number={Llnl-Jrnl-462711},
  Year={2010},
  Publisher={Lawrence Livermore National Laboratory (Llnl), Livermore, Ca}
}
@Article{kritcher2008ultrafast,
  Title={Ultrafast X-Ray Thomson Scattering of Shock-Compressed Matter},
  Author={Kritcher, Andrea L and Neumayer, Paul and Castor, John and D{\"O}Ppner, Tilo and Falcone, Roger W and Landen, Otto L and Lee, Hae Ja and Lee, Richard W and Morse, Edward C and Ng, Andrew and Others},
  Journal={Science},
  Volume={322},
  Number={5898},
  Pages={69--71},
  Year={2008},
  Publisher={American Association for the Advancement of Science}
}
@Article{glenzer2003demonstration,
  Title={Demonstration of Spectrally Resolved X-Ray Scattering in Dense Plasmas},
  Author={Glenzer, Sh and Gregori, G and Lee, Rw and Rogers, Fj and Pollaine, Sw and Landen, Ol},
  Journal={Physical Review Letters},
  Volume={90},
  Number={17},
  Pages={175002},
  Year={2003},
  Publisher={Aps}
}

@Article{gregori2006measurement,
  Title={Measurement of Carbon Ionization Balance in High-Temperature Plasma Mixtures By Temporally Resolved X-Ray Scattering},
  Author={Gregori, G and Glenzer, Sh and Chung, H-K and Froula, Dh and Lee, Rw and Meezan, Nb and Moody, Jd and Niemann, C and Landen, Ol and Holst, B and Others},
  Journal={Journal of Quantitative Spectroscopy and Radiative Transfer},
  Volume={99},
  Number={1},
  Pages={225--237},
  Year={2006},
  Publisher={Elsevier}
}

@Article{pak2004x,
  Title={X-Ray Line Measurements with High Efficiency Bragg Crystals},
  Author={Pak, a and Gregori, G and Knight, J and Campbell, K and Price, D and Hammel, B and Landen, Ol and Glenzer, Sh},
  Journal={Review of Scientific Instruments},
  Volume={75},
  Number={10},
  Pages={3747--3749},
  Year={2004},
  Publisher={Aip}
}
