@Book{Drake2006high,
  Title={High-Energy-Density Physics: Fundamentals, Inertial Fusion, and Experimental Astrophysics},
  Author={Drake, R Paul},
  Year={2006},
  Publisher={Springer Science \& Business Media}
}
@Article{Krishnan1998structure,
  Title={Structure of Liquid Boron},
  Author={Krishnan, Sh and Ansell, S and Felten, Jj and Volin, Kj and Price, Dl},
  Journal={Physical Review Letters},
  Volume={81},
  Number={3},
  Pages={586},
  Year={1998},
  Publisher={Aps}
}
@Article{Fortney2009frontiers,
  Title={Frontiers of the Physics of Dense Plasmas and Planetary Interiors: Experiments, theory, and Applications},
  Author={Fortney, Jj and Glenzer, Sh and Koenig, M and Militzer, B and Saumon, D and Valencia, D},
  Journal={Physics of Plasmas},
  Volume={16},
  Number={4},
  Pages={041003},
  Year={2009},
  Publisher={Aip}
}
@Article{Glenzer2009x,
  Title={X-Ray Thomson Scattering In High Energy Density Plasmas},
  Author={Glenzer, Siegfried H and Redmer, Ronald},
  Journal={Reviews of Modern Physics},
  Volume={81},
  Number={4},
  Pages={1625},
  Year={2009},
  Publisher={Aps}
}
@Inproceedings{National2003high,
  Title={High Energy Density Physics: The X-Games of Contemporary Science},
  Author={National Research Council and Others},
  Year={2003},
  Organization={National}
}
@Article{Hoidn2017nonlocal,
  Title={Nonlocal Heat Transport and Improved Target Design For X-Ray Heating Studies At X-Ray Free Electron Lasers},
  Author={Hoidn, Oliver R and Seidler, Gerald T},
  Journal={Arxiv Preprint Arxiv:1704.04348},
  Year={2017}
}
@Article{Boutet2012high,
  Title={High-Resolution Protein Structure Determination By Serial Femtosecond Crystallography},
  Author={Boutet, S{\'E}Bastien and Lomb, Lukas and Williams, Garth J and Barends, Thomas Rm and Aquila, andrew and Doak, R Bruce and Weierstall, Uwe and Deponte, Daniel P and Steinbrener, Jan and Shoeman, Robert L and Others},
  Journal={Science},
  Volume={337},
  Number={6092},
  Pages={362--364},
  Year={2012},
  Publisher={American Association For the Advancement of Science}
}
@Article{Chapman2011femtosecond,
  Title={Femtosecond X-Ray Protein Nanocrystallography},
  Author={Chapman, Henry N and Fromme, Petra and Barty, Anton and White, Thomas A and Kirian, Richard A and Aquila, andrew and Hunter, Mark S and Schulz, Joachim and Deponte, Daniel P and Weierstall, Uwe and Others},
  Journal={Nature},
  Volume={470},
  Number={7332},
  Pages={73},
  Year={2011},
  Publisher={Nih Public Access}
}
@Article{Caleman2015ultrafast,
  Title={Ultrafast Self-Gating Bragg Diffraction of Exploding Nanocrystals In An X-Ray Laser},
  Author={Caleman, Carl and T{\^\I}Mneanu, Nicu{\C{S}}Or and Martin, andrew V and J{\"O}Nsson, H Olof and Aquila, andrew and Barty, Anton and Scott, Howard A and White, Thomas A and Chapman, Henry N},
  Journal={Optics Express},
  Volume={23},
  Number={2},
  Pages={1213--1231},
  Year={2015},
  Publisher={Optical Society of America}
}
@Article{Karasiev2012generalized,
  Title={Generalized-Gradient-Approximation Noninteracting Free-Energy Functionals For Orbital-Free Density Functional Calculations},
  Author={Karasiev, Valentin V and Sjostrom, Travis and Trickey, Sb},
  Journal={Physical Review B},
  Volume={86},
  Number={11},
  Pages={115101},
  Year={2012},
  Publisher={Aps}
}
@Article{Karasiev2012comparison,
  Title={Comparison of Density Functional Approximations and the Finite-Temperature Hartree-Fock Approximation In Warm Dense Lithium},
  Author={Karasiev, Valentin V and Sjostrom, Travis and Trickey, Sb},
  Journal={Physical Review E},
  Volume={86},
  Number={5},
  Pages={056704},
  Year={2012},
  Publisher={Aps}
}
@Article{Valenza2016warm,
  Title={Warm Dense Crystallography},
  Author={Valenza, Ryan A and Seidler, Gerald T},
  Journal={Physical Review B},
  Volume={93},
  Number={11},
  Pages={115135},
  Year={2016},
  Publisher={Aps}
}
@Article{Bredow2000effect,
  Title={Effect of Exchange and Correlation On Bulk Properties of Mgo, Nio, and Coo},
  Author={Bredow, Thomas and Gerson, andrea R},
  Journal={Physical Review B},
  Volume={61},
  Number={8},
  Pages={5194},
  Year={2000},
  Publisher={Aps}
}
@Article{Fann1992electron,
  Title={Electron thermalization In Gold},
  Author={Fann, Ws and Storz, R and Tom, Hwk and Bokor, J},
  Journal={Physical Review B},
  Volume={46},
  Number={20},
  Pages={13592},
  Year={1992},
  Publisher={Aps}
}
@Article{Faure2013direct,
  Title={Direct Observation of Electron thermalization and Electron-Phonon Coupling In Photoexcited Bismuth},
  Author={Faure, J{\'E}R{\^O}Me and Mauchain, J and Papalazarou, Evaggelos and Marsi, M and Boschetto, Davide and Timrov, Iurii and Vast, Nathalie and Ohtsubo, Yoshiyuki and Arnaud, Brice and Perfetti, L},
  Journal={Physical Review B},
  Volume={88},
  Number={7},
  Pages={075120},
  Year={2013},
  Publisher={Aps}
}

@Article{Timrov2012thermalization,
  Title={Thermalization of Photoexcited Carriers In Bismuth Investigated By Time-Resolved Terahertz Spectroscopy and Ab Initio Calculations},
  Author={Timrov, I and Kampfrath, Tobias and Faure, J{\'E}R{\^O}Me and Vast, N and Ast, Cr and Frischkorn, Christian and Wolf, Martin and Gava, P and Perfetti, L},
  Journal={Physical Review B},
  Volume={85},
  Number={15},
  Pages={155139},
  Year={2012},
  Publisher={Aps}
}
@Article{Lee2012geometry,
  Title={Geometry Enhancement of Nanoscale Energy Deposition By X-Rays},
  Author={Lee, C and Cheng, Nn and Davidson, Ra and Guo, T},
  Journal={The Journal of Physical Chemistry C},
  Volume={116},
  Number={20},
  Pages={11292--11297},
  Year={2012},
  Publisher={Acs Publications}
}
@Article{Leung2011irradiation,
  Title={Irradiation of Gold Nanoparticles By X-Rays: Monte Carlo Simulation of Dose Enhancements and the Spatial Properties of the Secondary Electrons Production},
  Author={Leung, Michael Kk and Chow, James Cl and Chithrani, B Devika and Lee, Martin Jg and Oms, Barbara and Jaffray, David A},
  Journal={Medical Physics},
  Volume={38},
  Number={2},
  Pages={624--631},
  Year={2011},
  Publisher={Wiley Online Library}
}
@Article{Stern2009reducing,
  Title={Reducing Radiation Damage In Macromolecular Crystals At Synchrotron Sources},
  Author={Stern, Edward A and Yacoby, Yizhak and Seidler, Gerald T and Nagle, Kenneth P and Prange, Micah P and Sorini, Adam P and Rehr, John J and Joachimiak, andrzej},
  Journal={Acta Crystallographica Section D: Biological Crystallography},
  Volume={65},
  Number={4},
  Pages={366--374},
  Year={2009},
  Publisher={International Union of Crystallography}
}
@Article{Finfrock2013mitigation,
  Title={Mitigation of X-Ray Damage In Macromolecular Crystallography By Submicrometre Line Focusing},
  Author={Finfrock, Y Zou and Stern, Edward A and Alkire, Rw and Kas, Joshua J and Evans-Lutterodt, Kenneth and Stein, Aaron and Duke, Norma and Lazarski, Krzysztof and Joachimiak, andrzej},
  Journal={Acta Crystallographica Section D: Biological Crystallography},
  Volume={69},
  Number={8},
  Pages={1463--1469},
  Year={2013},
  Publisher={International Union of Crystallography}
}
@Article{Finfrock2010spatial,
  Title={Spatial Dependence and Mitigation of Radiation Damage By A Line-Focus Mini-Beam},
  Author={Finfrock, Y Zou and Stern, Edward A and Yacoby, Yizhak and Alkire, Rw and Evans-Lutterodt, Kenneth and Stein, Aaron and Isakovic, Abdel F and Kas, Joshua J and Joachimiak, andrzej},
  Journal={Acta Crystallographica Section D: Biological Crystallography},
  Volume={66},
  Number={12},
  Pages={1287--1294},
  Year={2010},
  Publisher={International Union of Crystallography}
}
@Article{Nave2005towards,
  Title={Towards An Understanding of Radiation Damage In Cryocooled Macromolecular Crystals},
  Author={Nave, Colin and Garman, Elspeth F},
  Journal={Journal of Synchrotron Radiation},
  Volume={12},
  Number={3},
  Pages={257--260},
  Year={2005},
  Publisher={International Union of Crystallography}
}
@Article{Sanishvili2011radiation,
  Title={Radiation Damage In Protein Crystals Is Reduced With A Micron-Sized X-Ray Beam},
  Author={Sanishvili, Ruslan and Yoder, Derek W and Pothineni, Sudhir Babu and Rosenbaum, Gerd and Xu, Shenglan and Vogt, Stefan and Stepanov, Sergey and Makarov, Oleg A and Corcoran, Stephen and Benn, Richard and Others},
  Journal={Proceedings of the National Academy of Sciences},
  Volume={108},
  Number={15},
  Pages={6127--6132},
  Year={2011},
  Publisher={National Acad Sciences}
}

@Article{Hoidn2017nonlocal,
  Title={Nonlocal Heat Transport and Improved Target Design For X-Ray Heating Studies At X-Ray Free Electron Lasers},
  Author={Hoidn, Oliver R and Seidler, Gerald T},
  Journal={Arxiv Preprint Arxiv:1704.04348},
  Year={2017}
}
@Article{Inoue2016observation,
  Title={Observation of Femtosecond X-Ray Interactions With Matter Using An X-Ray--X-Ray Pump--Probe Scheme},
  Author={Inoue, Ichiro and Inubushi, Yuichi and Sato, Takahiro and Tono, Kensuke and Katayama, Tetsuo and Kameshima, Takashi and Ogawa, Kanade and Togashi, Tadashi and Owada, Shigeki and Amemiya, Yoshiyuki and Others},
  Journal={Proceedings of the National Academy of Sciences},
  Volume={113},
  Number={6},
  Pages={1492--1497},
  Year={2016},
  Publisher={National Acad Sciences}
}
@Article{Ho2015resonance,
  Title={Resonance-Mediated Atomic Ionization Dynamics Induced By Ultraintense X-Ray Pulses},
  Author={Ho, Phay J and Kanter, Ep and Young, L},
  Journal={Physical Review A},
  Volume={92},
  Number={6},
  Pages={063430},
  Year={2015},
  Publisher={Aps}
}
@Article{Allaria2013two,
  Title={Two-Colour Pump--Probe Experiments With A Twin-Pulse-Seed Extreme Ultraviolet Free-Electron Laser},
  Author={Allaria, E and Bencivenga, F and Borghes, R and Capotondi, F and Castronovo, D and Charalambous, P and Cinquegrana, P and Danailov, Mb and De Ninno, G and Demidovich, A and Others},
  Journal={Nature Communications},
  Volume={4},
  Year={2013},
  Publisher={Nature Publishing Group}
}
@Article{Agostinelli2003geant4,
  Title={Geant4â€”A Simulation Toolkit},
  Author={Agostinelli, Sea and Allison, John and Amako, K Al and Apostolakis, J and Araujo, H and Arce, P and Asai, M and Axen, D and Banerjee, S and Barrand, G and Others},
  Journal={Nuclear Instruments and Methods In Physics Research Section A: Accelerators, Spectrometers, Detectors and Associated Equipment},
  Volume={506},
  Number={3},
  Pages={250--303},
  Year={2003},
  Publisher={Elsevier}
}

@Article{Gao2013monte,
  Title={Monte Carlo Simulation of Gamma-Ray Response of Baf2 and Caf2},
  Author={Gao, Fei and Xie, Yulong and Wang, Zg and Kerisit, S and Wu, Dx and Campbell, Luke W and Van Ginhoven, Renee M and Prange, M},
  Journal={Journal of Applied Physics},
  Volume={114},
  Number={17},
  Pages={173512},
  Year={2013},
  Publisher={Aip}
}
@Techreport{Prange2014radiation,
  Title={Radiation Response of Inorganic Scintillators: Insights From Monte Carlo Simulations},
  Author={Prange, Micah P and Wu, Dangxin and Xie, Yulong and Campbell, Luke W and Gao, Fei and Kerisit, Sebastien N},
  Year={2014},
  Institution={Pacific Northwest National Laboratory (Pnnl), Richland, Wa (Us)}
}
@Article{Pollock2017accuracy,
  Title={Accuracy and Precision of Thickness Determination From Position-Averaged Convergent Beam Electron Diffraction Patterns Using A Single-Parameter Metric},
  Author={Pollock, Ja and Weyland, M and Taplin, Dj and Allen, Lj and Findlay, Sd},
  Journal={Ultramicroscopy},
  Volume={181},
  Pages={86--96},
  Year={2017},
  Publisher={Elsevier}
}

@Article{Liljequist1983simple,
  Title={A Simple Calculation of Inelastic Mean Free Path and Stopping Power For 50 Ev-50 Kev Electrons In Solids},
  Author={Liljequist, D},
  Journal={Journal of Physics D: Applied Physics},
  Volume={16},
  Number={8},
  Pages={1567},
  Year={1983},
  Publisher={Iop Publishing}
}
@Article{Zeiss1977accurate,
  Title={Accurate Evaluation of Stopping and Straggling Mean Excitation Energies For N, O, H2, N2, O2, No, Nh3, H2 O, and N2 O Using Dipole Oscillator Strength Distributions: A Test of the Validity of Bragg'S Rule},
  Author={Zeiss, Gd and Meath, William J and Macdonald, Jcf and Dawson, Dj},
  Journal={Radiation Research},
  Volume={70},
  Number={2},
  Pages={284--303},
  Year={1977},
  Publisher={Academic Press, Inc.}
}
@Article{Berger1995estar,
  Title={Estar, Pstar and Astar: Computer Programs For Calculating Stopping Powers and Ranges For Electrons, Protons and Helium Ions},
  Author={Berger, Martin J},
  Year={1995}
}
@Article{Hau2012ultrafast,
  Title={Ultrafast Transitions From Solid To Liquid and Plasma States of Graphite Induced By X-Ray Free-Electron Laser Pulses},
  Author={Hau-Riege, Stefan P and Graf, A and D{\"O}Ppner, T and London, Richard A and Krzywinski, Jacek and Fortmann, Carsten and Glenzer, Sh and Frank, Matthias and Sokolowski-Tinten, Klaus and Messerschmidt, Marc and Others},
  Journal={Physical Review Letters},
  Volume={108},
  Number={21},
  Pages={217402},
  Year={2012},
  Publisher={Aps}
}
@Article{Bak2014efficient,
  Title={Efficient Photoelectrochemical Water Splitting of Nanostructured Hematite On A Three-Dimensional Nanoporous Metal Electrode},
  Author={Bak, Chang Hong and Kim, Kwanghyun and Jung, Kyoungok and Kim, Jin-Baek and Jang, Ji-Hyun},
  Journal={Journal of Materials Chemistry A},
  Volume={2},
  Number={41},
  Pages={17249--17252},
  Year={2014},
  Publisher={Royal Society of Chemistry}
}
@Article{Bagge2014quantitative,
  Title={Quantitative Phase Composition of Tio2-Coated Nanoporous Au Monoliths By X-Ray Absorption Spectroscopy and Correlations To Catalytic Behavior},
  Author={Bagge-Hansen, Michael and Wichmann, andre and Wittstock, Arne and Lee, Jonathan Ri and Ye, Jianchao and Willey, Trevor M and Kuntz, Joshua D and Van Buuren, Tony and Biener, Juergen and BaÌˆumer, Marcus and Others},
  Journal={The Journal of Physical Chemistry C},
  Volume={118},
  Number={8},
  Pages={4078--4084},
  Year={2014},
  Publisher={Acs Publications}
}
