@ARTICLE{koenig2005progress,
  TITLE={PROGRESS IN THE STUDY OF WARM DENSE MATTER},
  AUTHOR={KOENIG, M AND BENUZZI-MOUNAIX, A AND RAVASIO, A AND VINCI, T AND OZAKI, N AND LEPAPE, S AND BATANI, D AND HUSER, G AND HALL, T AND HICKS, D AND OTHERS},
  JOURNAL={PLASMA PHYSICS AND CONTROLLED FUSION},
  VOLUME={47},
  NUMBER={12B},
  PAGES={B441},
  YEAR={2005},
  PUBLISHER={IOP PUBLISHING}
}
@BOOK{atzeni2004physics,
  TITLE={THE PHYSICS OF INERTIAL FUSION: BEAMPLASMA INTERACTION, HYDRODYNAMICS, HOT DENSE MATTER},
  AUTHOR={ATZENI, STEFANO AND MEYER-TER-VEHN, J{\"U}RGEN},
  VOLUME={125},
  YEAR={2004},
  PUBLISHER={OXFORD UNIVERSITY PRESS ON DEMAND}
}

@ARTICLE{rackstraw2015saturable,
  TITLE={SATURABLE ABSORPTION OF AN X-RAY FREE-ELECTRON-LASER HEATED SOLID-DENSITY ALUMINUM PLASMA},
  AUTHOR={RACKSTRAW, DS AND CIRICOSTA, O AND VINKO, SM AND BARBREL, B AND BURIAN, T AND CHALUPSK{\`Y}, J AND CHO, BI AND CHUNG, H-K AND DAKOVSKI, GL AND ENGELHORN, K AND OTHERS},
  JOURNAL={PHYSICAL REVIEW LETTERS},
  VOLUME={114},
  NUMBER={1},
  PAGES={015003},
  YEAR={2015},
  PUBLISHER={APS}
}
@ARTICLE{ciricosta2016measurements,
  TITLE={MEASUREMENTS OF CONTINUUM LOWERING IN SOLID-DENSITY PLASMAS CREATED FROM ELEMENTS AND COMPOUNDS},
  AUTHOR={CIRICOSTA, O AND VINKO, SM AND BARBREL, B AND RACKSTRAW, DS AND PRESTON, TR AND BURIAN, T AND CHALUPSK{\`Y}, J AND CHO, BI AND CHUNG, H-K AND DAKOVSKI, GL AND OTHERS},
  JOURNAL={NATURE COMMUNICATIONS},
  VOLUME={7},
  YEAR={2016},
  PUBLISHER={NATURE PUBLISHING GROUP}
}

@ARTICLE{chase2016ultrafast,
  TITLE={ULTRAFAST ELECTRON DIFFRACTION FROM NON-EQUILIBRIUM PHONONS IN FEMTOSECOND LASER HEATED AU FILMS},
  AUTHOR={CHASE, T AND TRIGO, M AND REID, AH AND LI, R AND VECCHIONE, T AND SHEN, X AND WEATHERSBY, S AND COFFEE, R AND HARTMANN, N AND REIS, DA AND OTHERS},
  JOURNAL={APPLIED PHYSICS LETTERS},
  VOLUME={108},
  NUMBER={4},
  PAGES={041909},
  YEAR={2016},
  PUBLISHER={AIP PUBLISHING}
}
@ARTICLE{yano2009x,
  TITLE={X-RAY ABSORPTION SPECTROSCOPY},
  AUTHOR={YANO, JUNKO AND YACHANDRA, VITTAL K},
  JOURNAL={PHOTOSYNTHESIS RESEARCH},
  VOLUME={102},
  NUMBER={2-3},
  PAGES={241},
  YEAR={2009},
  PUBLISHER={SPRINGER}
}
@ARTICLE{mcneil2010x,
  TITLE={X-RAY FREE-ELECTRON LASERS},
  AUTHOR={MCNEIL, BRIAN WJ AND THOMPSON, NEIL R},
  JOURNAL={NATURE PHOTONICS},
  VOLUME={4},
  NUMBER={12},
  PAGES={814--821},
  YEAR={2010},
  PUBLISHER={NATURE RESEARCH}
}
@ARTICLE{chapman2011femtosecond,
  TITLE={FEMTOSECOND X-RAY PROTEIN NANOCRYSTALLOGRAPHY},
  AUTHOR={CHAPMAN, HENRY N AND FROMME, PETRA AND BARTY, ANTON AND WHITE, THOMAS A AND KIRIAN, RICHARD A AND AQUILA, ANDREW AND HUNTER, MARK S AND SCHULZ, JOACHIM AND DEPONTE, DANIEL P AND WEIERSTALL, UWE AND OTHERS},
  JOURNAL={NATURE},
  VOLUME={470},
  NUMBER={7332},
  PAGES={73},
  YEAR={2011},
  PUBLISHER={NIH PUBLIC ACCESS}
}
@ARTICLE{valenza2016warm,
  TITLE={WARM DENSE CRYSTALLOGRAPHY},
  AUTHOR={VALENZA, RYAN A AND SEIDLER, GERALD T},
  JOURNAL={PHYSICAL REVIEW B},
  VOLUME={93},
  NUMBER={11},
  PAGES={115135},
  YEAR={2016},
  PUBLISHER={APS}
}
@ARTICLE{ma2013x,
  TITLE={X-RAY SCATTERING MEASUREMENTS OF STRONG ION-ION CORRELATIONS IN SHOCK-COMPRESSED ALUMINUM},
  AUTHOR={MA, T AND D{\"O}PPNER, T AND FALCONE, RW AND FLETCHER, L AND FORTMANN, C AND GERICKE, DIRK O AND LANDEN, OL AND LEE, HJ AND PAK, A AND VORBERGER, JAN AND OTHERS},
  JOURNAL={PHYSICAL REVIEW LETTERS},
  VOLUME={110},
  NUMBER={6},
  PAGES={065001},
  YEAR={2013},
  PUBLISHER={APS}
}
@ARTICLE{karasiev2012comparison,
  TITLE={COMPARISON OF DENSITY FUNCTIONAL APPROXIMATIONS AND THE FINITE-TEMPERATURE HARTREE-FOCK APPROXIMATION IN WARM DENSE LITHIUM},
  AUTHOR={KARASIEV, VALENTIN V AND SJOSTROM, TRAVIS AND TRICKEY, SB},
  JOURNAL={PHYSICAL REVIEW E},
  VOLUME={86},
  NUMBER={5},
  PAGES={056704},
  YEAR={2012},
  PUBLISHER={APS}
}
@ARTICLE{dufty2011scaling,
  TITLE={SCALING, BOUNDS, AND INEQUALITIES FOR THE NONINTERACTING DENSITY FUNCTIONALS AT FINITE TEMPERATURE},
  AUTHOR={DUFTY, JAMES W AND TRICKEY, SB},
  JOURNAL={PHYSICAL REVIEW B},
  VOLUME={84},
  NUMBER={12},
  PAGES={125118},
  YEAR={2011},
  PUBLISHER={APS}
}
@ARTICLE{sjostrom2012temperature,
  TITLE={TEMPERATURE-DEPENDENT BEHAVIOR OF CONFINED MANY-ELECTRON SYSTEMS IN THE HARTREE-FOCK APPROXIMATION},
  AUTHOR={SJOSTROM, TRAVIS AND HARRIS, FRANK E AND TRICKEY, SB},
  JOURNAL={PHYSICAL REVIEW B},
  VOLUME={85},
  NUMBER={4},
  PAGES={045125},
  YEAR={2012},
  PUBLISHER={APS}
}


@INPROCEEDINGS{hart2012cspad,
  TITLE={THE CSPAD MEGAPIXEL X-RAY CAMERA AT LCLS},
  AUTHOR={HART, PHILIP AND BOUTET, S{\'E}BASTIEN AND CARINI, GABRIELLA AND DUBROVIN, MIKHAIL AND DUDA, BRIAN AND FRITZ, DAVID AND HALLER, GUNTHER AND HERBST, RYAN AND HERRMANN, SVEN AND KENNEY, CHRIS AND OTHERS},
  BOOKTITLE={SPIE OPTICAL ENGINEERING+ APPLICATIONS},
  PAGES={85040C--85040C},
  YEAR={2012},
  ORGANIZATION={INTERNATIONAL SOCIETY FOR OPTICS AND PHOTONICS}
}
@ARTICLE{damiani2016linac,
  TITLE={LINAC COHERENT LIGHT SOURCE DATA ANALYSIS USING PSANA},
  AUTHOR={DAMIANI, D AND DUBROVIN, M AND GAPONENKO, I AND KROEGER, W AND LANE, TJ AND MITRA, A AND O'GRADY, CP AND SALNIKOV, A AND SANCHEZ-GONZALEZ, A AND SCHNEIDER, D AND OTHERS},
  JOURNAL={JOURNAL OF APPLIED CRYSTALLOGRAPHY},
  VOLUME={49},
  NUMBER={2},
  PAGES={672--679},
  YEAR={2016},
  PUBLISHER={INTERNATIONAL UNION OF CRYSTALLOGRAPHY}
}
@ARTICLE{hoidn2017nonlocal,
  TITLE={NONLOCAL HEAT TRANSPORT AND IMPROVED TARGET DESIGN FOR X-RAY HEATING STUDIES AT X-RAY FREE ELECTRON LASERS},
  AUTHOR={HOIDN, OLIVER R AND SEIDLER, GERALD T},
  JOURNAL={ARXIV PREPRINT ARXIV:1704.04348},
  YEAR={2017}
}
@TECHREPORT{abdallah1988theoretical,
  TITLE={THEORETICAL ATOMIC PHYSICS CODE DEVELOPMENT I: CATS: COWAN ATOMIC STRUCTURE CODE},
  AUTHOR={ABDALLAH JR, JOSEPH AND CLARK, ROBERT EH AND COWAN, ROBERT D},
  YEAR={1988},
  INSTITUTION={LOS ALAMOS NATIONAL LAB., NM (USA)}
}
@INPROCEEDINGS{chung2017atomic,
  TITLE={ATOMIC PROCESSES MODELING OF X-RAY FREE ELECTRON LASER PRODUCED PLASMAS USING SCFLY CODE},
  AUTHOR={CHUNG, H-K AND CHO, BI AND CIRICOSTA, O AND VINKO, SM AND WARK, JS AND LEE, RW},
  BOOKTITLE={AIP CONFERENCE PROCEEDINGS},
  VOLUME={1811},
  NUMBER={1},
  PAGES={020001},
  YEAR={2017},
  ORGANIZATION={AIP PUBLISHING}
}
@ARTICLE{hafner2008ab,
  TITLE={AB-INITIO SIMULATIONS OF MATERIALS USING VASP: DENSITY-FUNCTIONAL THEORY AND BEYOND},
  AUTHOR={HAFNER, J{\"U}RGEN},
  JOURNAL={JOURNAL OF COMPUTATIONAL CHEMISTRY},
  VOLUME={29},
  NUMBER={13},
  PAGES={2044--2078},
  YEAR={2008},
  PUBLISHER={WILEY ONLINE LIBRARY}
}
@ARTICLE{ankudinov1998real,
  TITLE={REAL-SPACE MULTIPLE-SCATTERING CALCULATION AND INTERPRETATION OF X-RAY-ABSORPTION NEAR-EDGE STRUCTURE},
  AUTHOR={ANKUDINOV, AL AND RAVEL, B AND REHR, JJ AND CONRADSON, SD},
  JOURNAL={PHYSICAL REVIEW B},
  VOLUME={58},
  NUMBER={12},
  PAGES={7565},
  YEAR={1998},
  PUBLISHER={APS}
}
@ARTICLE{neese2006critical,
  TITLE={A CRITICAL EVALUATION OF DFT, INCLUDING TIME-DEPENDENT DFT, APPLIED TO BIOINORGANIC CHEMISTRY},
  AUTHOR={NEESE, FRANK},
  JOURNAL={JBIC JOURNAL OF BIOLOGICAL INORGANIC CHEMISTRY},
  VOLUME={11},
  NUMBER={6},
  PAGES={702--711},
  YEAR={2006},
  PUBLISHER={SPRINGER}
}
@ARTICLE{caleman2015ultrafast,
  TITLE={ULTRAFAST SELF-GATING BRAGG DIFFRACTION OF EXPLODING NANOCRYSTALS IN AN X-RAY LASER},
  AUTHOR={CALEMAN, CARL AND T{\^\I}MNEANU, NICU{\C{S}}OR AND MARTIN, ANDREW V AND J{\"O}NSSON, H OLOF AND AQUILA, ANDREW AND BARTY, ANTON AND SCOTT, HOWARD A AND WHITE, THOMAS A AND CHAPMAN, HENRY N},
  JOURNAL={OPTICS EXPRESS},
  VOLUME={23},
  NUMBER={2},
  PAGES={1213--1231},
  YEAR={2015},
  PUBLISHER={OPTICAL SOCIETY OF AMERICA}
}
@BOOK{kittel2005introduction,
  TITLE={INTRODUCTION TO SOLID STATE PHYSICS},
  AUTHOR={KITTEL, CHARLES},
  YEAR={2005},
  PUBLISHER={WILEY}
}
@ARTICLE{zamponi2012ultrafast,
  TITLE={ULTRAFAST LARGE-AMPLITUDE RELOCATION OF ELECTRONIC CHARGE IN IONIC CRYSTALS},
  AUTHOR={ZAMPONI, FLAVIO AND ROTHHARDT, PHILIP AND STINGL, JOHANNES AND WOERNER, MICHAEL AND ELSAESSER, THOMAS},
  JOURNAL={PROCEEDINGS OF THE NATIONAL ACADEMY OF SCIENCES},
  VOLUME={109},
  NUMBER={14},
  PAGES={5207--5212},
  YEAR={2012},
  PUBLISHER={NATIONAL ACAD SCIENCES}
}

@ARTICLE{vinko2014density,
  TITLE={DENSITY FUNCTIONAL THEORY CALCULATIONS OF CONTINUUM LOWERING IN STRONGLY COUPLED PLASMAS},
  AUTHOR={VINKO, SM AND CIRICOSTA, O AND WARK, JS},
  JOURNAL={NATURE COMMUNICATIONS},
  VOLUME={5},
  PAGES={3533},
  YEAR={2014},
  PUBLISHER={NATURE PUBLISHING GROUP}
}
@ARTICLE{nieuwenhuizen1989trapping,
  TITLE={TRAPPING AND LIFSHITZ TAILS IN RANDOM MEDIA, SELF-ATTRACTING POLYMERS, AND THE NUMBER OF DISTINCT SITES VISITED: A RENORMALIZED INSTANTON APPROACH IN THREE DIMENSIONS},
  AUTHOR={NIEUWENHUIZEN, TH M},
  JOURNAL={PHYSICAL REVIEW LETTERS},
  VOLUME={62},
  NUMBER={4},
  PAGES={357},
  YEAR={1989},
  PUBLISHER={APS}
}
@ARTICLE{de1998delocalization,
  TITLE={DELOCALIZATION IN THE 1D ANDERSON MODEL WITH LONG-RANGE CORRELATED DISORDER},
  AUTHOR={DE MOURA, FRANCISCO ABF AND LYRA, MARCELO L},
  JOURNAL={PHYSICAL REVIEW LETTERS},
  VOLUME={81},
  NUMBER={17},
  PAGES={3735},
  YEAR={1998},
  PUBLISHER={APS}
}
@ARTICLE{keski1974total,
  TITLE={TOTAL AND PARTIAL ATOMIC-LEVEL WIDTHS},
  AUTHOR={KESKI-RAHKONEN, OLAVI AND KRAUSE, MANFRED O},
  JOURNAL={ATOMIC DATA AND NUCLEAR DATA TABLES},
  VOLUME={14},
  NUMBER={2},
  PAGES={139--146},
  YEAR={1974},
  PUBLISHER={ELSEVIER}
}
@ARTICLE{fuggle1992unoccupied,
  TITLE={UNOCCUPIED ELECTRONIC STATES},
  AUTHOR={FUGGLE, JOHN C AND INGLESFIELD, JOHN E},
  JOURNAL={UNOCCUPIED ELECTRONIC STATES: FUNDAMENTALS FOR XANES, EELS, IPS AND BIS},
  YEAR={1992}
}
